@misc{virusshare,
	title = {Virusshare},
	url   = {https://virusshare.com/}
}

@misc{thezoo,
	title = {theZoo},
	url   = {https://github.com/ytisf/theZoo}
}

@misc{malware-classification,
	title = {Microsoft Malware Classification Challenge},
	url   = {https://www.kaggle.com/c/malware-classification/data}
}

@misc{bodmas,
	title = {BODMAS},
	url   = {https://whyisyoung.github.io/BODMAS/}
}

@misc{merge,
	title = {pandas.DataFrame.merge},
	url   = {https://pandas.pydata.org/docs/reference/api/pandas.DataFrame.merge.html}
}

@misc{fillna,
	title = {pandas.DataFrame.fillna},
	url   = {https://pandas.pydata.org/docs/reference/api/pandas.DataFrame.fillna.html}
}

@misc{map,
	title = {pandas.DataFrame.map},
	url   = {https://pandas.pydata.org/docs/reference/api/pandas.DataFrame.map.html}
}

@misc{red_dim_pca,
	title = {A Low Complexity ML-Based Methods for Malware Classification},
	url   = {https://www.researchgate.net/publication/383827671_A_Low_Complexity_ML-Based_Methods_for_Malware_Classification}
}

@misc{randundersampler,
	title = {RandomUnderSampler},
	url   = {https://imbalanced-learn.org/stable/references/generated/imblearn.under_sampling.RandomUnderSampler.html}
}

@misc{sklearn_pca,
	title = {sklearn.decomposition.PCA},
	url   = {https://scikit-learn.org/stable/modules/generated/sklearn.decomposition.PCA.html}
}

@misc{mba,
	title  = {Malware Behavior Analysis: Learning and Understanding Current Malware Threats},
	author = {Zolkipli, Mohamad and Jantan, Aman},
	url    = {https://www.researchgate.net/publication/232657598_Malware_Behavior_Analysis_Learning_and_Understanding_Current_Malware_Threats}
}

@misc{metrics,
	title  = {Evaluación de la calidad de los sistemas de reconocimiento de sentimientos},
	author = {Moré, Joaquim},
	url    = {https://openaccess.uoc.edu/server/api/core/bitstreams/6ff15a78-47c1-45ba-9475-442a6e8d19cc/content}
}

@misc{python_ml,
	title  = {Python: The Most Advanced Programming Language for Computer Science Applications},
	author = {Akshit J. Dhruv, Reema Patel and Nishant Doshi},
	url    = {https://www.scitepress.org/Papers/2020/103079/103079.pdf}
}

@article{dlordinal,
	title    = {dlordinal: A Python package for deep ordinal classification},
	journal  = {Neurocomputing},
	volume   = {622},
	pages    = {129305},
	year     = {2025},
	issn     = {0925-2312},
	doi      = {https://doi.org/10.1016/j.neucom.2024.129305},
	url      = {https://www.sciencedirect.com/science/article/pii/S0925231224020769},
	author   = {Francisco Bérchez-Moreno and Rafael Ayllón-Gavilán and Víctor M. Vargas and David Guijo-Rubio and César Hervás-Martínez and Juan C. Fernández and Pedro A. Gutiérrez},
	keywords = {Deep learning, Ordinal classification, Ordinal regression, Python, , Soft labelling},
}

@article{hao2019scikit,
	title   = {Machine Learning Made Easy: A Review of Scikit-learn Package in Python Programming Language},
	author  = {J. Hao and T. K. Ho},
	journal = {Journal of Educational and Behavioral Statistics},
	volume  = {44},
	number  = {3},
	pages   = {348--361},
	year    = {2019},
	doi     = {10.3102/1076998619832248}
}

@misc{matplotlib,
	title = {Matplotlib},
	url   = {https://en.wikipedia.org/wiki/Matplotlib}
}

@misc{numpy,
	title = {NumPy},
	url   = {https://es.wikipedia.org/wiki/NumPy}
}

@misc{pandas,
	title = {Pandas},
	url   = {https://es.wikipedia.org/wiki/Pandas_(software)}
}

@misc{seaborn,
	title = {Seaborn},
	url   = {https://seaborn.pydata.org/}
}

@misc{lgbm,
	title = {LightGBM},
	url   = {https://en.wikipedia.org/wiki/LightGBM}
}

@misc{lgbm_alg,
	title = {Understanding LightGBM Parameters (and How to Tune Them)},
	author  = {MJ Bahmani},
	url   = {https://dev.to/kamil_k7k/understanding-lightgbm-parameters-and-how-to-tune-them-14n0}
}

@misc{ciberseguridad_def,
	title = {Seguridad informática},
	url   = {https://es.wikipedia.org/wiki/Seguridad_inform%C3%A1tica#Objetivos},
}


@misc{def_malware,
	title  = {Guide to Malware Incident Prevention and Handling},
	url    = {https://profsite.um.ac.ir/kashmiri/nist/SP800-83.pdf},
	author = {Peter Mell, Karen Kent, Joseph Nusbaum},
}


@misc{categoriamw,
	title  = {Aprendizaje automático aplicado a la detección de malware y de ciberataques},
	url    = {http://hdl.handle.net/10609/150576},
	author = {Jorge Pablo Trías Posa},
}

@misc{antivirus,
	title = {Antivirus},
	url   = {https://es.wikipedia.org/wiki/Antivirus},
}

@misc{limitaciones,
	title = {Inteligencia Artificial para la detección de binarios maliciosos},
	url   = {https://openaccess.uoc.edu/bitstream/10609/138409/6/jdiaznavTFM0122memoria.pdf},
}

@misc{campus,
	title = {Machine learning en detección de malware},
	url   = {https://www.campusciberseguridad.com/blog/machine-learning-en-deteccion-de-malware/},
}

@misc{creeper,
	title    = {Creeper},
	url      = {https://es.wikipedia.org/wiki/Creeper_(virus)},
	author   = {Bob Thomas Morris},
	pubstate = {[En Línea. Última consulta: 28-11-2024]}
}

@misc{morris,
	title    = {Gusano Morris},
	url      = {https://es.wikipedia.org/wiki/Gusano_Morris},
	pubstate = {[En Línea. Última consulta: 07-02-2025]}
}

@misc{ransomware,
	title    = {Ransomware},
	url      = {https://es.wikipedia.org/wiki/Ransomware},
	pubstate = {[En Línea. Última consulta: 28-11-20254}
}

@misc{wannacry,
	title    = {WannaCry},
	url      = {https://es.wikipedia.org/wiki/WannaCry},
	pubstate = {[En Línea. Última consulta: 28-11-2024]}
}

@misc{cert,
	title    = {CERT},
	url      = {https://es.wikipedia.org/wiki/Equipo_de_Respuesta_ante_Emergencias_Inform%C3%A1ticas},
	pubstate = {[En Línea. Última consulta: 28-11-2024]}
}

@misc{firmas,
	title    = {Detección basada en firmas},
	url      = {https://fastercapital.com/es/tema/%C2%BFqu%C3%A9-es-la-detecci%C3%B3n-basada-en-la-firma.html},
	pubstate = {[En Línea. Última consulta: 28-11-2024]}
}

@misc{noticia_wannacry,
	title    = {WannaCry: el ransomware que tiene «secuestrados» los sistemas de Telefónica y de otras empresas.},
	url      = {https://www.abc.es/tecnologia/redes/abci-wannacry-ransomware-tiene-secuestrados-sistemas-telefonica-y-otras-empresas-201705121910_noticia.html?ref=https%3A%2F%2Fwww.google.com%2F},
	pubstate = {[En Línea. Última consulta: 07-02-2025]}
}

@misc{ml,
	title    = {Machine learning},
	url      = {https://es.wikipedia.org/wiki/Aprendizaje_autom%C3%A1tico#Tipos_de_algoritmos},
	pubstate = {[En Línea. Última consulta: 28-11-2024]}
}

@misc{rf,
	title = {RandomForesClassifier},
	url   = {https://es.wikipedia.org/wiki/Random_forest},
}

@article{estudio_lgbm,
	title   = {A Comparative Analysis of Machine Learning Algorithms for Android Malware Detection},
	author  = {AlOmari, Hani and Yaseen, Qussai and Al-Betar, Mohammed},
	year    = {2023},
	month   = {01},
	pages   = {763-768},
	volume  = {220},
	journal = {Procedia Computer Science},
	doi     = {10.1016/j.procs.2023.03.101}
}

@misc{mwclass,
	title = {A Low Complexity ML-Based Methods for Malware Classification},
	url   = {https://www.researchgate.net/publication/383827671_A_Low_Complexity_ML-Based_Methods_for_Malware_Classification}
}

@misc{maquina_tabuladora,
	title = {La máquina tabuladora},
	url   = {https://es.wikipedia.org/wiki/Herman_Hollerith#La_m%C3%A1quina_tabuladora}
}

@article{inproceedings,
	title  = {EL MODELO NEURONAL DE McCULLOCH Y PITTS. Interpretación Comparativa del Modelo},
	author = {Prieto Meléndez, Rafael and Herrera, A and Pérez, J and Padrón-Godínez, Alejandro},
	year   = {2000},
	month  = {10},
	url    = {https://www.researchgate.net/publication/343141076_EL_MODELO_NEURONAL_DE_McCULLOCH_Y_PITTS_Interpretacion_Comparativa_del_Modelo},
}

@misc{balanceo,
	title = {Balanceo de datos},
	url   = {https://es.linkedin.com/pulse/balanceo-de-datos-ainad-empresarial#:~:text=%C2%BFQu%C3%A9%20es%20el%20balanceo%20de,en%20nuestro%20conjunto%20de%20datos.}
}

@misc{resamplig,
	title  = {Comparativa de técnicas de balanceo de datos. Aplicación a un caso real para la predicción de fuga de clientes},
	author = {Joaquín García Abad},
	url    = {https://digibuo.uniovi.es/dspace/bitstream/handle/10651/60629/TFM_Joaqu%C3%ADnGarc%C3%ADaAbad.pdf?sequence=4}
}

@misc{rundersampling,
	title  = {Random Oversampling and Undersampling for Imbalanced Classification},
	author = {Jason Brownlee},
	url    = {https://machinelearningmastery.com/random-oversampling-and-undersampling-for-imbalanced-classification/}
}

@misc{cnn,
	title = {CNN (Condensed Nearest Neighbors)},
	url   = {https://abhic159.medium.com/cnn-condensed-nearest-neighbors-3261bd0c39fb}
}

@article{tomeklinks,
	title   = {Classification of Imbalance Data using Tomek Link (T-Link) Combined with Random Under-sampling (RUS) as a Data Reduction Method},
	author  = {Elhassan, Tusneem and M, Aljourf and F, Al-Mohanna and Shoukri, Mohamed},
	year    = {2016},
	month   = {01},
	pages   = {},
	volume  = {01},
	journal = {Global Journal of Technology and Optimization},
	doi     = {10.4172/2229-8711.S1111}
}

@article{enn,
	title  = {Edited Nearest Neighbor Rule for Improving Neural Networks Classifications},
	author = {Alejo, Roberto and Sotoca, José and Valdovinos, Rosa and Toribio, P.},
	year   = {2010},
	month  = {06},
	pages  = {303-310},
	isbn   = {978-3-642-13277-3},
	doi    = {10.1007/978-3-642-13278-0_39}
}

@article{ELREEDY201932,
	title    = {A Comprehensive Analysis of Synthetic Minority Oversampling Technique (SMOTE) for handling class imbalance},
	journal  = {Information Sciences},
	volume   = {505},
	pages    = {32-64},
	year     = {2019},
	issn     = {0020-0255},
	doi      = {https://doi.org/10.1016/j.ins.2019.07.070},
	url      = {https://www.sciencedirect.com/science/article/pii/S0020025519306838},
	author   = {Dina Elreedy and Amir F. Atiya},
	keywords = {Unbalanced data, Minority class, Over-sampling, Data level, SMOTE},
}

@article{ADASYN,
	title   = {ADASYN: Adaptive Synthetic Sampling Approach for Imbalanced Learning},
	author  = {He, Haibo and Bai, Yang and Garcia, Edwardo and Li, Shutao},
	year    = {2008},
	month   = {07},
	pages   = {1322 - 1328},
	journal = {Proceedings of the International Joint Conference on Neural Networks},
	doi     = {10.1109/IJCNN.2008.4633969}
}

@misc{reddim,
	title = {Reducción de dimensionalidad},
	url   = {https://es.wikipedia.org/wiki/Reducci%C3%B3n_de_dimensionalidad#Ventajas_de_la_reducci%C3%B3n_de_dimensionalidad}
}

@misc{pca,
	title = {Análisis de componentes principales},
	url   = {https://es.wikipedia.org/wiki/An%C3%A1lisis_de_componentes_principales}
}

@misc{fa,
	title = {Análisis factorial},
	url   = {https://es.wikipedia.org/wiki/An%C3%A1lisis_factorial}
}

@misc{dvs,
	title = {Descomposición en valores singulares},
	url   = {https://es.wikipedia.org/wiki/Descomposici%C3%B3n_en_valores_singulares}
}

@misc{confmat,
	title = {Matriz de confusión},
	url   = {https://es.wikipedia.org/wiki/Matriz_de_confusi%C3%B3n}
}

@misc{crossval,
	title = {Validación cruzada},
	url   = {https://es.wikipedia.org/wiki/Validaci%C3%B3n_cruzada}
}

@misc{crossval1,
	title = {Validación cruzada de K iteraciones},
	url   = {https://es.wikipedia.org/wiki/Validaci%C3%B3n_cruzada#Validaci%C3%B3n_cruzada_de_K_iteraciones}
}

@misc{crossval2,
	title = {Validación cruzada aleatoria},
	url   = {https://es.wikipedia.org/wiki/Validaci%C3%B3n_cruzada#Validaci%C3%B3n_cruzada_aleatoria}
}

@misc{crossval3,
	title = {Validación cruzada dejando uno fuera},
	url   = {https://es.wikipedia.org/wiki/Validaci%C3%B3n_cruzada#Validaci%C3%B3n_cruzada_dejando_uno_fuera}
}

@misc{maldicion,
	title = {Maldición de la dimensión},
	url   = {https://es.wikipedia.org/wiki/Maldici%C3%B3n_de_la_dimensi%C3%B3n}
}

@misc{triadacia,
	title = {Los componentes de la tríada de la CIA},
	url   = {https://www.checkpoint.com/es/cyber-hub/cyber-security/what-is-it-security/what-is-the-cia-triad/}
}

@misc{phishing,
	title = {Phishing},
	url   = {https://es.wikipedia.org/wiki/Phishing}
}

@misc{dos,
	title = {Ataque de denegación de servicio},
	url   = {https://es.wikipedia.org/wiki/Ataque_de_denegaci%C3%B3n_de_servicio}
}

@misc{eset,
	title = {ESET},
	url   = {https://www.eset.com}
}

@misc{bitdefender,
	title = {Bitdefender},
	url   = {https://www.bitdefender.com}
}

@misc{firmas1,
	title = {¿Qué es la detección de intrusiones basada en firmas?},
	url   = {https://www.purestorage.com/es/knowledge/signature-based-intrusion-detection.html}
}

@misc{virustotal,
	title = {VirusTotal},
	url   = {https://docs.virustotal.com/docs/how-it-works}
}

@misc{zeroday,
	title = {¿Qué es una vulnerabilidad Zero Day?},
	url   = {https://www.incibe.es/ciudadania/blog/que-es-una-vulnerabilidad-zero-day}
}

@misc{heu,
	title = {Heurística en antivirus},
	url   = {https://es.wikipedia.org/wiki/Heur%C3%ADstica_en_antivirus}
}

@misc{kp_heu,
	title = {¿En qué consiste el análisis heurístico?},
	url   = {https://www.kaspersky.es/resource-center/definitions/heuristic-analysis}
}

@misc{fortinet_heu,
	title = {¿Qué es el análisis heurístico?},
	url   = {https://www.fortinet.com/lat/resources/cyberglossary/heuristic-analysis}
}

@misc{ofuscacion,
	title = {La ofuscación de código: un arte que reina en la ciberseguridad},
	url   = {https://www.welivesecurity.com/es/recursos-herramientas/ofuscacion-de-codigo-arte-ciberseguridad/}
}

@misc{s2grupo,
	title = {Detección de malware en 2025: técnicas, herramientas y desafíos reales},
	url   = {https://s2grupo.es/deteccion-de-malware-en-2025/}
}

@misc{ml_mw,
	title  = {Aprendizaje automático aplicado a la detección de malware y de ciberataques},
	author = {Jorge Pablo Trías Posa},
	year   = {2024},
	url    = {https://openaccess.uoc.edu/server/api/core/bitstreams/c07e4b84-89d7-4489-8d58-dc676f411b45/content}
}

@misc{dt_ibm,
	title = {¿Qué es un árbol de decisión?},
	url   = {https://www.ibm.com/es-es/think/topics/decision-trees}
}

@misc{dt_sklearn,
	title = {Decision Trees},
	url   = {https://scikit-learn.org/stable/modules/tree.html}
}

@misc{rf_sklearn,
	title = {Ensembles: Gradient boosting, random forests, bagging, voting, stacking},
	url   = {https://scikit-learn.org/stable/modules/ensemble.html}
}

@misc{rf_wiki1,
	title = {Random forest},
	url   = {https://es.wikipedia.org/wiki/Random_forest#Caracter%C3%ADsticas_(o_rasgos)_y_Ventajas}
}

@misc{rf_wiki2,
	title = {Random forest},
	url   = {https://es.wikipedia.org/wiki/Random_forestt#Desventajas}
}

@misc{knn_wiki,
	title = {k vecinos más próximos},
	url   = {https://es.wikipedia.org/wiki/K_vecinos_más_próximos}
}

@misc{knn_sklearn,
	title = {Nearest Neighbors},
	url   = {https://scikit-learn.org/stable/modules/neighbors.html}
}
